@article{Poggio1985,
 author = {Tomaso Poggio and Vincent Torre and Christof Koch},
 title = {Computational Vision and Regularization Theory},
 journal = {Nature},
 volume = {317},
 number = {26},
 pages = {314-319},
 year = {1985}
} 


@article{Arbelez2011,
author={P. Arbelaez and M. Maire and C. Fowlkes and J. Malik},
journal={IEEE Transactions on Pattern Analysis and Machine Intelligence},
title={Contour Detection and Hierarchical Image Segmentation},
year={2011},
volume={33},
number={5},
pages={898-916}
}


@book{Parker2010,
  title={Algorithms for image processing and computer vision},
  author={Parker, Jim R},
  year={2010},
  publisher={John Wiley \& Sons}
}

%	Berkeley Dataset
@siteurl{berkeley,
	author= {The Berkeley Segmentation Dataset and Benchmark},
	title = {Berkeley Segmentation Dataset},
	url = {https://www2.eecs.berkeley.edu/Research/Projects/CS/vision/bsds/BSDS300},
    note = {10 mai. de 2017},
    year = {2017}
}

%	Stanford Dataset
@siteurl{stanford,
	author= {Stanford},
	title = {The Stanford Center for Image Systems Engineering},
	url = {https://scien.stanford.edu/index.php/test-images-and-videos/},
    note = {10 mai. de 2017},
    year = {2017}
}


% l6 
@siteurl{l6segmentation,
	author= {Robin Strand},
	title = {Segmentation},
	url = {www.it.uu.se/edu/course/homepage/bild1/ht14/L6_segmentation.pdf},
    note = {10 mai. de 2017},
    year = {2017}
}

%  seg bioss
@siteurl{lsegmentationBio,
	author= {Chris},
	title = {Segmentation},
	url = {http://www.bioss.ac.uk/people/chris/ch4.pdf},
    note = {10 mai. de 2017},
    year = {2017}
}

@siteurl{1_quadtree_adv_disadv_univcologne,
    author={Bob Glickstein},
    title={Quadtrees and Octrees},
    url={http://euklid.mi.uni-koeln.de/c/mirror/www.cs.curtin.edu.au/units/cg351-551/notes/lect51.html},
    note={10 mai. de 2017}
}

@siteurl{2_regionsegmentation_univbeira,
    author={Prof. Doutor Abel Gomes},
    title={Computação Visual e Multimídia},
    url={http://www.di.ubi.pt/~agomes/cvm/teoricas/07-regionsegmentation.pdf},
    note={10 mai. de 2017},
    year={2014}
}
